<collection xmlns="http://www.loc.gov/MARC21/slim">
<record>
  <leader>01343nam0a2200301 i 450 </leader>
  <controlfield tag="001">IT\ICCU\CNCE\000330</controlfield>
  <controlfield tag="005">20120424000000.0</controlfield>
  <datafield tag="012" ind1=" " ind2=" ">
    <subfield code="a">uea: tore ioio Plob (C) 1502 (R)</subfield>
    <subfield code="2">fei</subfield>
  </datafield>
  <datafield tag="100" ind1=" " ind2=" ">
    <subfield code="a">19970101d1502        0itac0103    ba</subfield>
  </datafield>
  <datafield tag="101" ind1=" " ind2=" ">
    <subfield code="a">ITA</subfield>
    <subfield code="a">LAT</subfield>
  </datafield>
  <datafield tag="102" ind1=" " ind2=" ">
    <subfield code="a">IT</subfield>
  </datafield>
  <datafield tag="200" ind1="1" ind2=" ">
    <subfield code="a">Esopo historiado</subfield>
  </datafield>
  <datafield tag="210" ind1=" " ind2=" ">
    <subfield code="e">Stampado in Venetia</subfield>
    <subfield code="g">per maestro Manfredo de Bonello de Streuo da Monferrato</subfield>
    <subfield code="h">1502 adi XXV de feuraro</subfield>
  </datafield>
  <datafield tag="215" ind1=" " ind2=" ">
    <subfield code="a">\72! c.</subfield>
    <subfield code="c">ill.</subfield>
    <subfield code="d">4ʻ</subfield>
  </datafield>
  <datafield tag="620" ind1=" " ind2=" ">
    <subfield code="a">IT</subfield>
    <subfield code="d">Venezia</subfield>
  </datafield>
  <datafield tag="700" ind1=" " ind2="0">
    <subfield code="a">Aesopus</subfield>
    <subfield code="3">IT\ICCU\CNCA\000326</subfield>
  </datafield>
  <datafield tag="712" ind1="0" ind2="0">
    <subfield code="a">Bonelli, Manfredo</subfield>
    <subfield code="3">IT\ICCU\CNCT\000196</subfield>
    <subfield code="4">650</subfield>
  </datafield>
  <datafield tag="791" ind1="0" ind2="0">
    <subfield code="a">Bon, Manfrin</subfield>
    <subfield code="3">IT\ICCU\CNCT\003048</subfield>
    <subfield code="z">Bonelli, Manfredo</subfield>
  </datafield>
  <datafield tag="791" ind1="0" ind2="2">
    <subfield code="a">Manfrino da Monferrato</subfield>
    <subfield code="3">IT\ICCU\CNCT\003049</subfield>
    <subfield code="z">Bonelli, Manfredo</subfield>
  </datafield>
  <datafield tag="791" ind1="0" ind2="2">
    <subfield code="a">Manfredo da Monferrato</subfield>
    <subfield code="3">IT\ICCU\CNCT\003050</subfield>
    <subfield code="z">Bonelli, Manfredo</subfield>
  </datafield>
  <datafield tag="791" ind1="0" ind2="2">
    <subfield code="a">Manfredo de Monteferrato</subfield>
    <subfield code="3">IT\ICCU\CNCT\004710</subfield>
    <subfield code="z">Bonelli, Manfredo</subfield>
  </datafield>
  <datafield tag="791" ind1="0" ind2="0">
    <subfield code="a">Bonellis, Manfredus de</subfield>
    <subfield code="3">IT\ICCU\CNCT\004711</subfield>
    <subfield code="z">Bonelli, Manfredo</subfield>
  </datafield>
  <datafield tag="791" ind1="0" ind2="0">
    <subfield code="a">Bonello, Manfredo de</subfield>
    <subfield code="3">IT\ICCU\CNCT\004713</subfield>
    <subfield code="z">Bonelli, Manfredo</subfield>
  </datafield>
  <datafield tag="791" ind1="0" ind2="0">
    <subfield code="a">Bono, Manfredo</subfield>
    <subfield code="3">IT\ICCU\CNCT\005929</subfield>
    <subfield code="z">Bonelli, Manfredo</subfield>
  </datafield>
  <datafield tag="801" ind1=" " ind2="3">
    <subfield code="a">IT</subfield>
    <subfield code="b">ICCU</subfield>
    <subfield code="c">20201113</subfield>
  </datafield>
  <datafield tag="899" ind1=" " ind2=" ">
    <subfield code="a">Biblioteca comunale Ariostea. Ferrara</subfield>
    <subfield code="1">FE0017</subfield>
    <subfield code="2">UFE AR</subfield>
  </datafield>
  <datafield tag="899" ind1=" " ind2=" ">
    <subfield code="a">Biblioteche della Fondazione Giorgio Cini onlus. Venezia</subfield>
    <subfield code="1">VE0239</subfield>
    <subfield code="2">VEA FC</subfield>
  </datafield>
  <datafield tag="899" ind1=" " ind2=" ">
    <subfield code="a">Biblioteca civica. Verona</subfield>
    <subfield code="1">VR0059</subfield>
    <subfield code="2">ZVR 02</subfield>
  </datafield>
</record>
</collection>
